@inproceedings{ABSA_SVM, 
	author={R. Varghese and M. Jayasree}, 
	booktitle={Advances in Computing, Communications and Informatics (ICACCI)}, 
	title={Aspect based Sentiment Analysis using support vector machine classifier}, 
	year={2013}, 
	pages={1581-1586}, 
}

@inproceedings{Fischer2012,
	author = {Asja Fischer and Christian Igel},
	booktitle = {"Progress in Pattern Recognition, Image Analysis, Computer Vision, and Applications},
	title= {Training {R}estricted {B}oltzmann {M}achines: An {I}ntroduction⋆},
	year= {2012},
	pages= {14--36},
}


@inproceedings{Ding,
	author               = {Xiaowen Ding and Bing Liu and Philip S. Yu},
	booktitle            = {Proceedings of the Conference on Web Search and Web Data mining},
	pages                = {231--240},
	title                = {A Holistic Lexicon-Based Approach to Opinion Mining},
	year                 = {2008},
}

@inproceedings{Mei,
	author               = {Qiaozhu Mei and Xu Ling and Matthew Wondra and  Hang Su and ChengXiang Zhai},
	booktitle            = {Proceedings of International conference on World Wide Web},
	pages                = {171--180},
	title                = {Topic Sentiment Mixture: Modeling Facets and Opinions in Weblogs},
	year                 = {2007},
}

@inproceedings{Lin_He,
	author               = {Chenghua Lin and Yulan He},
	booktitle            = {Proceedings of ACM - International conference on Information and Knowledge management},
	pages                = {375--384 },
	title                = {Joint sentiment/topic model for Sentiment Analysis},
	year                 = {2009},
}

@inproceedings{Titov_Ryan,
	author               = {Ivan Titov and Ryan McDonald},
	booktitle            = {Proceedings of annual meeting of the ACL},
	pages                = {308--316},
	title                = {A Joint Model of Text and Aspect Ratings for Sentiment Summarization},
	year                 = {2008},
}

@inproceedings{Jin_Wei,
	author               = {Wei Jin and Hung Hay Ho},
	booktitle            = {Proceedings of international conference on machine Learning},
	pages                = {465--472},
	title                = {A novel lexicalized HMM-based learning framework for web opinion mining},
	year                 = {2009},
}

@inproceedings{Jakob_Iryna,
	author               = {Niklas Jakob and Iryna Gurevych},
	booktitle            = {Proceedings of conference on empirical methods in NLP},
	pages                = {1035--1045},
	title                = {Extracting opinion targets in a Single-and Cross-domain setting with Conditional Random Fields},
	year                 = {2010},
}

@inproceedings{Choi_Yejin,
	author               = {Choi Yejin and Claire Cardieo},
	booktitle            = {Proceedings of annual meeting of the ACL},
	pages                = {269--274},
	title                = {Hierarchical sequential learning for extracting opinions and their attributes},
	year                 = {2010},
}

@inproceedings{Jiang,
	author               = {Jiang and Long and Mo Yu and Ming Zhou and Xiaohua Liu and  Tiejun Zhao},
	booktitle            = {Proceedings of the 49th annual meeting of the ACL},
	pages                = {151--160},
	title                = {Target-dependent Twitter sentiment classification},
	year                 = {2011},
}

@inproceedings{Boiy,
	author               = {Boiy Erik and Marie-Francine Moens},
	booktitle            = {Information retrieval},
	pages                = {526-–558},
	title                = {A machine learning approach to sentiment analysis in multilingual Web texts},
	year                 = {2009},
}

@inproceedings{Wei_Gulla,
	author               = {Wei Wei and Jon Atle Gulla},
	booktitle            = {Proceedings of 48th Annual Meeting of the ACL},
	pages                = {404-–413},
	title                = {Sentiment learning on product reviews via sentiment ontology tree},
	year                 = {2010},
}

@inproceedings{serbm,
	author               = {Linlin Wang and Kang Liu and Zhu Cao and Jun Zhao and Gerard de Melo},
	booktitle            = {Proceedings of the 53rd Annual Meeting of the ACL},
	pages                = {616-–625},
	title                = {Sentiment-Aspect Extraction based on {Restricted Boltzmann Machines}},
	year                 = {2015},
}

@inproceedings{bingliu,
	author               = {Minqing Hu and Bing Liu},
	booktitle            = {Proceedings of KDD},
	pages                = {168–-177},
	title                = {Mining and summarizing customer reviews},
	year                 = {2004},
}
@inproceedings{introrbm,
	author               = {Asja Fischer and Christian Igel},
	booktitle            = {Pattern Recognition},
	pages                = {25--39},
	title                = {Training {Restricted Boltzmann Machines}: an introduction},
	year                 = {2014},
}
@inproceedings{google,
	author               = {Sasha Blair-goldensohn and Tyler Neylon and Kerry Hannan and George A. Reis and Ryan Mcdonald and Jeff Reynar},
	booktitle            = {In NLP in the Information Explosion Era},
	title                = {Building a sentiment summarizer for local service reviews},
	year                 = {2008},
}
@article{WebUserAnalysis_kumar,
	author               = {Ravi kumar V and K. Raghuveer},
	journal				 = {International Journal of Web and Semantic Technology},
	title                = {Web User Opinion Analysis for Product Features Extraction and Opinion Summarization},
	pages				 = {69--82},
	year                 = {2012},
}
@inproceedings{Toh_and_Wang,
	author               = {Zhiqiang Toh and Wenting Wang},
	booktitle            = {Proceedings of the 8th International Workshop on Semantic Evaluation},
	title                = {DLIREC: Aspect Term Extraction and Term Polarity Classification
	System},
	pages				 = {235–-240},
	year                 = {2014},
}
@article{LDA_Blei,
	author               = {David M. Blei and Andrew Y. Ng and Michael I. Jordan},
	journal				 = {Journal of Machine Learning Research 3},
	title                = {{Latent Dirichlet Allocation}},
	pages				 = {993--1022},
	year                 = {2003},
}
@inproceedings{data_ganu,
	author               = {Gayatree Ganu and Noemie Elhadad and Amelie Marian},
	booktitle            = {Proceedings of WebDB 2009},
	title                = {Beyond the stars: Improving rating predictions using review text content},
	pages				 = {1–-6},
	year                 = {2009},
}
@inproceedings{Brody_Elhadad,
	author               = {Samuel Brody and Noemie Elhadad},
	booktitle            = {Proceedings of NAACL-HLT 2010},
	title                = {An unsupervised aspect-sentiment model for online reviews},
	pages				 = {804–-812},
	year                 = {2010},
	conference			 = {Association for Computational Linguistics},
}
@inproceedings{Zhao,
	author               = {Wayne Xin Zhao and Jing Jiang and Hongfei Yan and Xiaoming Li},
	booktitle            = {Proceedings of EMNLP 2010},
	title                = {Jointly modeling aspects and opinions with a {MaxEnt-LDA} hybrid},
	pages				 = {56–-65},
	year                 = {2010},
	conference			 = {Association for Computational Linguistics},
}
@book {BingLiubooks,
	author				= {Bing Liu},
	publisher			= {Morgan and Claypool},
	title				= {Sentiment Analysis and Opinion Mining},
	pages				= {50--51},
	year				= {2012},
}
@inproceedings{rehurek_lrec_word2vec,
	title = {{Software Framework for Topic Modelling with Large Corpora}},
	author = {Radim {\v R}eh{\r u}{\v r}ek and Petr Sojka},
	booktitle = {{Proceedings of the LREC 2010 Workshop on New
	Challenges for NLP Frameworks}},
	pages = {45--50},
	publisher = {ELRA},
	year = {2010},
}
@inproceedings{senti_wordnet,
	author               = {Stefano Baccianella and Andrea Esuli and Fabrizio Sebastiani},
	booktitle            = {Proceedings of the Seventh Conference on International Language Resources and Evaluation (LREC'10)},
	title                = {SENTIWORDNET 3.0: An Enhanced Lexical Resource for Sentiment Analysis and Opinion Mining},
	pages				 = {2200--2204},
	year                 = {2010},
}
@article{libsvm,
	author = {Chang Chih-Chung and Lin Chih-Jen},
	title = {{LIBSVM}: A library for support vector machines},
	journal = {ACM Transactions on Intelligent Systems and Technology},
	volume = {2},
	issue = {3},
	year = {2011},
	pages = {27:1--27:27},
	note =	 {Software available at \url{http://www.csie.ntu.edu.tw/~cjlin/libsvm}}
}
@incollection{Milokov_word2vec,
	title = {Distributed Representations of Words and Phrases and their Compositionality},
	author = {Mikolov, Tomas and Sutskever, Ilya and Chen, Kai and Corrado, Greg S and Dean, Jeff},
	booktitle = {Advances in Neural Information Processing Systems 26},
	pages = {3111--3119},
	year = {2013},
	publisher = {Curran Associates, Inc.},
}

@article{Quoc_Le,
	author    = {Quoc V. Le and
	Tomas Mikolov},
	title     = {Distributed Representations of Sentences and Documents},
	booktitle = {Proceedings of the 31st International Conference on Machine Learning, Beijing, China},
	journal   = {CoRR},
	volume    = {abs/1405.4053},
	pages 	  = {1188--1196},
	year      = {2014},
}